@online{globaltag:tagble,
	title = {DISK BEACONY – BLE Beacon Tag},
	date = {2018},
	url = {http://www.global-tag.com},
}

@online{wiki:gps,
	title = {Sistema di posizionamento globale},
	date = {2018},
	url = {https://it.wikipedia.org/wiki/Sistema_di_posizionamento_globale},
}

@thesis{risi:tecniche-di-localizzazione,
	author = {Risi, Marco},
	title = {Confronto di tecniche di localizzazione per le WSN basate su RSSI},
	type = {Tesi di laurea triennale},
	institution = {Università degli Studi di Pavia},
	date = {2009},
}

@thesis{stivani:tecniche-fingerprinting,
	author = {Stivani, Federico},
	title = {Studio e valutazione sperimentale di tecniche di radio fingerprinting per navigazione indoor con dispositivi mobili Android},
	type = {Tesi di laurea triennale},
	institution = {Università degli Studi di Bologna},
	date = {2014},
}

@online{wiki:bluetooth,
	title = {Bluetooth},
	date = {2018},
	url = {https://it.wikipedia.org/wiki/Bluetooth},
}

@online{pozza:mqtt,
	author = {Pozza, Davide},
	title = {MQTT: il protocollo che rende possibile l'Internet of Things},
	date = {2015},
	url = {https://www.slideshare.net/omnys_keynotes/mqtt-il-protocollo-che-rende-possibile-linternet-of-things},
}

@online{mqtt:site,
	title = {MQTT},
	date = {2018},
	url = {https://mqtt.org},
}

@online{android:site,
	title = {Android Developer},
	date = {2018},
	url = {https://developer.android.com},
}

@online{node:site,
	title = {NodeJS},
	date = {2018},
	url = {https://nodejs.org},
}

@online{javascript:site,
	title = {JavaScript Docs},
	date = {2018},
	url = {https://developer.mozilla.org/it/docs/Web/JavaScript},
}

@online{json:site,
	title = {Introducing JSON},
	date = {2018},
	url = {https://www.json.org},
}

@online{wiki:sql,
	title = {Structured Query Language},
	date = {2017},
	url = {https://it.wikipedia.org/wiki/Structured_Query_Language},
}

@online{HTML:site,
	title = {HTML Docs},
	date = {2018},
	url = {https://developer.mozilla.org/it/docs/Web/HTML},
}

@online{CSS:site,
	title = {CSS Docs},
	date = {2018},
	url = {https://developer.mozilla.org/en-US/docs/Web/CSS},
}

@online{AJAX:site,
	title = {AJAX Docs},
	date = {2018},
	url = {https://developer.mozilla.org/it/docs/Web/Guide/AJAX},
}

@online{nicholas:https-vs-mqtt,
	author = {Stephen, Nicholas},
	title = {Power Profiling: HTTPS Long Polling vs. MQTT with SSL, on Android},
	date = {2012},
	url = {http://stephendnicholas.com/posts/power-profiling-mqtt-vs-https},
}

@online{HTTP:site,
	title = {HTTP Docs},
	date = {2018},
	url = {https://developer.mozilla.org/en-US/docs/Web/HTTP},
}

@online{wiki:single-page-application,
	title = {Single page application},
	date = {2017},
	url = {https://it.wikipedia.org/wiki/Single-page_application},
}

@online{mosca:site,
	author = {Collina, Matteo},
	title = {Mosca},
	date = {2016},
	url = {https://github.com/mcollina/mosca},
}